<record><leader>00000cas a2200000 a 4500</leader><controlfield tag="001">31227840</controlfield><controlfield tag="007">hd afu---buca</controlfield><controlfield tag="008">941005d18961966miudr nea     0   a0eng c</controlfield><datafield ind1=" " ind2=" " tag="010"><subfield code="a">  2006252466</subfield></datafield><datafield ind1=" " ind2=" " tag="040"><subfield code="a">NTE</subfield><subfield code="b">eng</subfield><subfield code="c">NTE</subfield><subfield code="d">OCLCQ</subfield><subfield code="d">WAU</subfield><subfield code="d">OCLCQ</subfield><subfield code="d">OCLCF</subfield></datafield><datafield ind1="1" ind2=" " tag="029"><subfield code="a">AU@</subfield><subfield code="b">000040326690</subfield></datafield><datafield ind1=" " ind2=" " tag="042"><subfield code="a">pcc</subfield></datafield><datafield ind1=" " ind2=" " tag="043"><subfield code="a">n-us-wa</subfield></datafield><datafield ind1=" " ind2=" " tag="090"><subfield code="a">AN48.S4</subfield><subfield code="b">D36x</subfield></datafield><datafield ind1="0" ind2=" " tag="130"><subfield code="a">Seattle daily times (Seattle, Wash. : 1896)</subfield></datafield><datafield ind1="1" ind2="4" tag="245"><subfield code="a">The Seattle daily times</subfield><subfield code="h">[microform].</subfield></datafield><datafield ind1="1" ind2=" " tag="246"><subfield code="i">Sunday issues for Feb. 9, 1902-Mar. 13, 1966 published as:</subfield><subfield code="a">Seattle Sunday times</subfield></datafield><datafield ind1="1" ind2="7" tag="246"><subfield code="a">Seattle times</subfield></datafield><datafield ind1=" " ind2=" " tag="260"><subfield code="a">Seattle, Wash. :</subfield><subfield code="b">Times Print. Co.,</subfield><subfield code="c">1896-1966.</subfield></datafield><datafield ind1=" " ind2=" " tag="300"><subfield code="a">61 v.</subfield></datafield><datafield ind1=" " ind2=" " tag="310"><subfield code="a">Daily,</subfield><subfield code="b">Feb. 9, 1902-1966</subfield></datafield><datafield ind1=" " ind2=" " tag="321"><subfield code="a">Daily (except Sunday),</subfield><subfield code="b">1896-Feb. 8, 1902</subfield></datafield><datafield ind1="0" ind2=" " tag="362"><subfield code="a">Vol. 29, no. 45 (Nov. 21, 1896)-v. 89, no. 72 (Mar. 13, 1966).</subfield></datafield><datafield ind1=" " ind2=" " tag="515"><subfield code="a">Suspended Nov. 19, 1945-Jan. 12, 1945; July 16-Oct. 18, 1953.</subfield></datafield><datafield ind1=" " ind2=" " tag="580"><subfield code="a">Weekly ed.: Seattle times (Seattle, Wash. : Weekly), 1896-&lt;1902&gt;.</subfield></datafield><datafield ind1=" " ind2=" " tag="533"><subfield code="a">Microfilm.</subfield><subfield code="b">Ann Arbor, Mich. :</subfield><subfield code="c">University Microfilms International.</subfield><subfield code="e">microfilm reels ; 35 mm.</subfield></datafield><datafield ind1=" " ind2="0" tag="651"><subfield code="a">Seattle (Wash.)</subfield><subfield code="v">Newspapers.</subfield></datafield><datafield ind1=" " ind2="7" tag="655"><subfield code="a">Newspapers.</subfield><subfield code="2">fast</subfield><subfield code="0">(OCoLC)fst01423814</subfield></datafield><datafield ind1=" " ind2="7" tag="651"><subfield code="a">Washington (State)</subfield><subfield code="z">Seattle.</subfield><subfield code="2">fast</subfield><subfield code="0">(OCoLC)fst01204940</subfield></datafield><datafield ind1=" " ind2=" " tag="752"><subfield code="a">United States</subfield><subfield code="b">Washington</subfield><subfield code="c">King</subfield><subfield code="d">Seattle.</subfield></datafield><datafield ind1="1" ind2=" " tag="775"><subfield code="t">Seattle times (Seattle, Wash. : Weekly)</subfield></datafield><datafield ind1="1" ind2=" " tag="776"><subfield code="c">Original</subfield><subfield code="w">(DLC)sn 86072007</subfield><subfield code="w">(OCoLC)1765328</subfield></datafield><datafield ind1="0" ind2="0" tag="780"><subfield code="t">Seattle times (Seattle, Wash. : 1895)</subfield></datafield><datafield ind1="0" ind2="0" tag="785"><subfield code="t">Seattle times (Seattle, Wash. : 1966)</subfield></datafield></record>